<record><leader>00000cas a2200000   4500</leader><controlfield tag="001">5082652</controlfield><controlfield tag="008">790619d1973198umiuwr ne      0   a0eng c</controlfield><controlfield tag="009">467</controlfield><datafield ind1=" " ind2=" " tag="010"><subfield code="a">sn 79003092 </subfield></datafield><datafield ind1=" " ind2=" " tag="040"><subfield code="a">NSD</subfield><subfield code="b">eng</subfield><subfield code="c">NSD</subfield><subfield code="d">MHN</subfield><subfield code="d">OCL</subfield><subfield code="d">OCLCQ</subfield><subfield code="d">MHN</subfield><subfield code="d">OCLCQ</subfield></datafield><datafield ind1=" " ind2=" " tag="012"><subfield code="k">1</subfield><subfield code="m">c</subfield></datafield><datafield ind1="1" ind2=" " tag="022"><subfield code="a">0192-5687</subfield><subfield code="l">0192-5687</subfield><subfield code="2">1</subfield></datafield><datafield ind1="1" ind2=" " tag="029"><subfield code="a">AU@</subfield><subfield code="b">000025800684</subfield></datafield><datafield ind1=" " ind2=" " tag="032"><subfield code="a">077730</subfield><subfield code="b">USPS</subfield></datafield><datafield ind1=" " ind2=" " tag="042"><subfield code="a">nsdp</subfield><subfield code="a">pcc</subfield></datafield><datafield ind1=" " ind2="4" tag="222"><subfield code="a">The White Laker observer</subfield></datafield><datafield ind1="0" ind2="4" tag="245"><subfield code="a">The White Laker observer.</subfield></datafield><datafield ind1="1" ind2="7" tag="246"><subfield code="a">Observer &amp; interurban</subfield></datafield><datafield ind1="3" ind2=" " tag="246"><subfield code="a">Observer and interurban</subfield></datafield><datafield ind1=" " ind2=" " tag="260"><subfield code="a">Montague, Mich. :</subfield><subfield code="b">Darwin Bennett</subfield></datafield><datafield ind1="0" ind2=" " tag="362"><subfield code="a">99th yr, no. 46 (Oct. 10, 1973)-</subfield></datafield><datafield ind1=" " ind2=" " tag="500"><subfield code="a">Issues called: Special centennial ed., Jan. 30, 1974; Bicentennial issue, June 30, 1976.</subfield></datafield><datafield ind1=" " ind2="0" tag="651"><subfield code="a">Montague (Mich.)</subfield><subfield code="v">Newspapers.</subfield></datafield><datafield ind1=" " ind2="0" tag="651"><subfield code="a">Muskegon County (Mich.)</subfield><subfield code="v">Newspapers.</subfield></datafield><datafield ind1=" " ind2=" " tag="752"><subfield code="a">United States</subfield><subfield code="b">Michigan</subfield><subfield code="c">Muskegon</subfield><subfield code="d">Montague.</subfield></datafield><datafield ind1="0" ind2="0" tag="780"><subfield code="t">Observer and shipping news</subfield><subfield code="w">(DLC)sn2007060014</subfield><subfield code="w">(OCoLC)123228658</subfield></datafield><datafield ind1="0" ind2="5" tag="780"><subfield code="t">White Laker and Northshore interubran</subfield><subfield code="w">(DLC)sn 79063228</subfield><subfield code="w">(OCoLC)36424874</subfield></datafield><datafield ind1=" " ind2=" " tag="936"><subfield code="a">Apr. 18, 1979</subfield></datafield></record>